@book{axler,
  author = {Axler, S. J.},
  isbn = {978-3-319-11079-0},
  publisher = {Springer International Printing},
  series = {Undergraduate Texts in Mathematics},
  title = {Linear Algebra Done Right},
  year = 2015
}
@BOOK{Hall2013,
  AUTHOR = {Hall, B.C.},
  PUBLISHER = {Springer New York},
  DATE = {2013},
  ISBN = {978-1-4614-7116-5},
  NUMBER = {267},
  SERIES = {Graduate Texts in Mathematics},
  TITLE = {Quantum Theory for Mathematicians},
}
@book{teschl,
  title={Mathematical Methods in Quantum Mechanics: With Applications to Schr{\"o}dinger Operators (Online Edition)},
  author={Teschl, G.},
  isbn={978-0-8218-4660-5},
  series={Graduate studies in mathematics},
  url={https://www.mat.univie.ac.at/~gerald/ftp/book-schroe/schroe.pdf},
  year={2009},
  publisher={American Mathematical Society}
}
@book{christensen2010functions,
  title={Functions, Spaces, and Expansions: Mathematical Tools in Physics and Engineering},
  author={Christensen, O.},
  isbn={978-0-8176-4980-7},
  series={Applied and Numerical Harmonic Analysis},
  year={2010},
  publisher={Birkh{\"a}user Boston}
}
@book{muscat,
  title={Functional Analysis: An Introduction to Metric Spaces, Hilbert Spaces, and Banach Algebras},
  author={Muscat, J.},
  isbn={978-3-319-06728-5},
  year={2014},
  publisher={Springer International Publishing}
}
@book{griffel,
  title={Applied Functional Analysis},
  author={Griffel, D.H.},
  isbn={0-85312-226-1},
  series={Ellis Horwood series in mathematics and its applications},
  year={1985},
  publisher={Ellis Horwood}
}
@book{conway,
  title={A Course in Functional Analysis},
  author={Conway, J.B.},
  isbn={978-1-4419-3092-7},
  series={Graduate Texts in Mathematics},
  year={2010},
  publisher={Springer New York}
}
@book{stein,
  title={Real Analysis: Measure Theory, Integration, and Hilbert Spaces},
  author={Stein, E.M. and Shakarchi, R.},
  isbn={978-0-691-11386-9},
  series={Princeton lectures in analysis},
  year={2005},
  publisher={Princeton University Press}
}
@book{sobolev,
  title={Functional Analysis, Sobolev Spaces and Partial Differential Equations},
  author={Brezis, H.},
  isbn={978-0-387-70914-7},
  series={Universitext},
  year={2010},
  publisher={Springer New York}
}
@book{halmos,
  title={Introduction to Hilbert Space and the Theory of Spectral Multiplicity: Second Edition},
  author={Halmos, P.R.},
  isbn={978-0-486-81733-0},
  series={Dover Books on Mathematics},
  year={2017},
  publisher={Dover Publications}
}
@book{weidmann,
  title={Linear Operators in Hilbert Spaces},
  author={Weidmann, J.},
  isbn={978-1-4612-6027-1},
  series={Graduate texts in mathematics},
  year={1980},
  publisher={Springer-Verlag}
}
@book{konrad,
  title={Unbounded Self-adjoint Operators on Hilbert Space},
  author={Schm{\"u}dgen, K.},
  isbn={978-94-007-4753-1},
  series={Graduate Texts in Mathematics},
  year={2012},
  publisher={Springer Netherlands}
}
@book{analysis_now,
  title={Analysis Now},
  author={Pedersen, G.K. and Pedersen, G.K.},
  isbn={3-540-96788-5},
  series={Graduate texts in mathematics},
  year={1989},
  publisher={Springer-Verlag}
}
@book{rudin,
  title={Functional Analysis},
  author={Rudin, W.},
  isbn={0070542368},
  series={International series in pure and applied mathematics},
  year={1991},
  publisher={McGraw-Hill}
}
@book{glazman,
  title={Theory of Linear Operators in Hilbert Space},
  author={Akhiezer, N.I. and Glazman, I.M. and Nestell, M.},
  isbn={0-07-054236-8},
  series={Dover Books on Mathematics},
  year={1993},
  publisher={Dover Publications}
}
@book{kreyszig,
  title={Introductory Functional Analysis with Applications},
  author={Kreyszig, E.},
  isbn={0-471-50731-8},
  series={Wiley classics library},
  year={1978},
  publisher={Wiley}
}
@book{reed,
  title={{Methods of Modern Mathematical Physics: Volume 1: Functional Analysis}},
  author={Reed, M. and Simon, B.},
  isbn={0-12-585050-6},
  year={1980},
  publisher={Elsevier Science}
}
@book{showalter,
  title={Hilbert Space Methods in Partial Differential Equations},
  author={Showalter, R.E.},
  isbn={978-0-486-47443-4},
  series={Dover books on mathematics},
  year={2010},
  publisher={Dover Publications}
}
@book{moretti,
  title={Spectral Theory and Quantum Mechanics: Mathematical Foundations of Quantum Theories, Symmetries and Introduction to the Algebraic Formulation},
  author={Moretti, V.},
  isbn={978-3-319-70705-1},
  year={2017},
  publisher={Springer International Publishing AG}
}
